<?xml version="1.0" encoding="UTF-8"?><collection xmlns="http://www.loc.gov/MARC21/slim"><record><leader>00371nam--2200133-i-4500</leader><controlfield tag="001">000026002</controlfield><controlfield tag="002">20161230</controlfield><controlfield tag="005">20161230201036</controlfield><controlfield tag="008">060222s1000------------r-----000-0-eng-d</controlfield><datafield ind1=" " ind2=" " tag="100"><subfield code="a">Kammerer, Albert</subfield></datafield><datafield ind1=" " ind2=" " tag="245"><subfield code="a">Recherches sur la photoelasticite</subfield></datafield><datafield ind1=" " ind2=" " tag="260"><subfield code="a">Paris, Herman Et Cie, 1944, Vii + 164p.+ 4pl</subfield></datafield><datafield ind1=" " ind2=" " tag="490"><subfield code="a">Actualites Scientifiques Et Industrielles</subfield></datafield><datafield ind1=" " ind2=" " tag="852"><subfield code="a">362</subfield></datafield></record></collection>